<record><leader>00000cas a2200000 a 4500</leader><controlfield tag="001">14439559</controlfield><controlfield tag="008">861020d19751988kyuwr ne      0    0eng d</controlfield><datafield ind1=" " ind2=" " tag="010"><subfield code="a">sn 86069646 </subfield></datafield><datafield ind1=" " ind2=" " tag="040"><subfield code="a">KNP</subfield><subfield code="b">eng</subfield><subfield code="c">KNP</subfield><subfield code="d">NSD</subfield><subfield code="d">KNP</subfield><subfield code="d">OCL</subfield><subfield code="d">KNP</subfield><subfield code="d">OCL</subfield><subfield code="d">OCLCQ</subfield></datafield><datafield ind1=" " ind2=" " tag="019"><subfield code="a">10017122</subfield></datafield><datafield ind1=" " ind2=" " tag="042"><subfield code="a">msc</subfield></datafield><datafield ind1="0" ind2="4" tag="245"><subfield code="a">The Martin Countian.</subfield></datafield><datafield ind1=" " ind2=" " tag="260"><subfield code="a">Inez, Ky. :</subfield><subfield code="b">Communique Corp.,</subfield><subfield code="c">1975-1988.</subfield></datafield><datafield ind1=" " ind2=" " tag="300"><subfield code="a">v. :</subfield><subfield code="b">ill.</subfield></datafield><datafield ind1=" " ind2=" " tag="310"><subfield code="a">Weekly</subfield></datafield><datafield ind1="0" ind2=" " tag="362"><subfield code="a">Vol. 1, no. 1 (Aug. 8, 1975)-v. 14, no. 22 (Dec. 28, 1988).</subfield></datafield><datafield ind1=" " ind2=" " tag="580"><subfield code="a">Merged with: Mercury (Inez, Ky.), to form: Martin Countian and the Mercury.</subfield></datafield><datafield ind1=" " ind2="4" tag="651"><subfield code="a">Inez (Ky.)</subfield><subfield code="v">Newspapers.</subfield></datafield><datafield ind1=" " ind2="4" tag="651"><subfield code="a">Martin County (Ky.)</subfield><subfield code="v">Newspapers.</subfield></datafield><datafield ind1=" " ind2=" " tag="752"><subfield code="a">United States</subfield><subfield code="b">Kentucky</subfield><subfield code="c">Martin</subfield><subfield code="d">Inez.</subfield></datafield><datafield ind1="1" ind2="7" tag="785"><subfield code="t">Mercury (Inez, Ky.)</subfield><subfield code="x">0891-5660</subfield><subfield code="w">(DLC)sn 86069649</subfield></datafield><datafield ind1="1" ind2="7" tag="785"><subfield code="t">Martin Countian and the Mercury</subfield><subfield code="x">1042-8135</subfield><subfield code="w">(DLC)sn 89058003</subfield></datafield><datafield ind1="1" ind2=" " tag="029"><subfield code="a">AU@</subfield><subfield code="b">000020422201</subfield></datafield></record>